<?xml version="1.0" encoding="UTF-8"?><collection xmlns="http://www.loc.gov/MARC21/slim"><record><leader>00595nam--2200205-i-4500</leader><controlfield tag="001">000016646</controlfield><controlfield tag="002">20161230</controlfield><controlfield tag="005">20161230201031</controlfield><controlfield tag="008">060222s1000------------r-----000-0-rum-d</controlfield><datafield ind1=" " ind2=" " tag="040"><subfield code="a">IFIN-HH</subfield></datafield><datafield ind1=" " ind2=" " tag="041"><subfield code="a">rum</subfield></datafield><datafield ind1=" " ind2=" " tag="080"><subfield code="a">519.863</subfield></datafield><datafield ind1="1" ind2=" " tag="100"><subfield code="a">Cruceanu, Stefan</subfield></datafield><datafield ind1="1" ind2="0" tag="245"><subfield code="a">Element de control optimal si aplicatii in economie</subfield><subfield code="c">Stefan cruceanu, constantin varsan</subfield></datafield><datafield ind1=" " ind2=" " tag="260"><subfield code="a">Bucuresti</subfield><subfield code="b">Editura Tehnica</subfield><subfield code="c">1978</subfield></datafield><datafield ind1=" " ind2=" " tag="300"><subfield code="a">263 P</subfield></datafield><datafield ind1=" " ind2=" " tag="490"><subfield code="a">Seria Bazele Matematice Ale Cercetarii Operationale</subfield></datafield><datafield ind1="1" ind2=" " tag="700"><subfield code="a">Varsan, Constantin</subfield></datafield><datafield ind1=" " ind2=" " tag="852"><subfield code="a">80724</subfield><subfield code="c">519.3</subfield></datafield><datafield ind1=" " ind2=" " tag="CAT"><subfield code="a">Sys</subfield><subfield code="c">20130808</subfield><subfield code="h">173811</subfield></datafield></record></collection>